@BOOK{Sadiku,
  title = {Fundamentals of Electric Circuits},
  publisher = {Mc Graw Hill Higher Education},
  author = {SADIKU, Matthew; ALEXANDER, Charles },
  address = {USA},
  timestamp = {2009}
}
